<record xmlns="http://www.loc.gov/MARC21/slim" xmlns:xsi="http://www.w3.org/2001/XMLSchema-instance" xsi:schemaLocation="http://www.loc.gov/MARC21/slim http://www.loc.gov/standards/marcxml/schema/MARC21slim.xsd"><leader>02211nam a2200433   4500</leader><controlfield tag="001">1925008</controlfield><controlfield tag="003">NIC</controlfield><controlfield tag="006">m        d        </controlfield><controlfield tag="007">cr cn |||m|||a</controlfield><controlfield tag="008">150113m19471948ua a    ob    000 0 ara  </controlfield><datafield ind1=" " ind2=" " tag="040"><subfield code="a">NNU</subfield><subfield code="b">eng</subfield><subfield code="e">rda</subfield><subfield code="c">NNU</subfield></datafield><datafield ind1=" " ind2=" " tag="043"><subfield code="a">ma-----</subfield></datafield><datafield ind1="0" ind2="0" tag="050"><subfield code="a">PJ7526</subfield><subfield code="b">.H8 1947</subfield></datafield><datafield ind1="1" ind2=" " tag="100"><subfield code="6">880-01</subfield><subfield code="a">H&#803;usayn, Muh&#803;ammad Muh&#803;ammad.</subfield></datafield><datafield ind1="1" ind2="3" tag="245"><subfield code="6">880-02</subfield><subfield code="a">al-Hija&#772;&#700; wa-al-hajja&#772;&#700;u&#772;n fi&#772; al-Ja&#772;hili&#772;yah /</subfield><subfield code="c">ta&#700;li&#772;f M. Muh&#803;ammad H&#803;usayn.</subfield></datafield><datafield ind1=" " ind2=" " tag="260"><subfield code="6">880-03</subfield><subfield code="a">[Cairo] :</subfield><subfield code="b">Maktabat al-A&#772;da&#772;b bi-al-Jama&#772;mi&#772;z,</subfield><subfield code="c">[1947-1948]</subfield></datafield><datafield ind1=" " ind2=" " tag="300"><subfield code="a">online resource (2 volumes) :</subfield><subfield code="b">illustrations</subfield></datafield><datafield ind1=" " ind2=" " tag="336"><subfield code="a">text</subfield><subfield code="2">rdacontent</subfield></datafield><datafield ind1=" " ind2=" " tag="337"><subfield code="a">computer</subfield><subfield code="2">rdamedia</subfield></datafield><datafield ind1=" " ind2=" " tag="338"><subfield code="a">online resource</subfield><subfield code="2">rdacarrier</subfield></datafield><datafield ind1=" " ind2=" " tag="500"><subfield code="a">Part of the Arabic Collections Online (ACO) project, contributed by Cornell University Libraries.</subfield></datafield><datafield ind1=" " ind2=" " tag="504"><subfield code="a">Includes bibliographical references (v. 1, pages 231-234).</subfield></datafield><datafield ind1=" " ind2=" " tag="533"><subfield code="a">Electronic reproduction.</subfield><subfield code="b">New York, N.Y. :</subfield><subfield code="c">New York University,</subfield><subfield code="d">2015.</subfield><subfield code="5">NNU</subfield></datafield><datafield ind1=" " ind2="0" tag="650"><subfield code="a">Arabic literature</subfield><subfield code="y">To 622</subfield><subfield code="x">History and criticism.</subfield></datafield><datafield ind1=" " ind2="0" tag="650"><subfield code="a">Satire, Arabic</subfield><subfield code="x">History and criticism.</subfield></datafield><datafield ind1=" " ind2="7" tag="650"><subfield code="a">Arabic literature.</subfield><subfield code="2">fast</subfield><subfield code="0">(OCoLC)fst00812478</subfield></datafield><datafield ind1=" " ind2="7" tag="650"><subfield code="a">Satire, Arabic.</subfield><subfield code="2">fast</subfield><subfield code="0">(OCoLC)fst01105684</subfield></datafield><datafield ind1=" " ind2="7" tag="648"><subfield code="a">To 622</subfield><subfield code="2">fast</subfield></datafield><datafield ind1=" " ind2="7" tag="655"><subfield code="a">Criticism, interpretation, etc.</subfield><subfield code="2">fast</subfield><subfield code="0">(OCoLC)fst01411635</subfield></datafield><datafield ind1="2" ind2=" " tag="710"><subfield code="a">Cornell University.</subfield><subfield code="b">Libraries.</subfield></datafield><datafield ind1="0" ind2=" " tag="730"><subfield code="a">Arabic Collections Online.</subfield></datafield><datafield ind1="0" ind2="8" tag="776"><subfield code="i">Online version:</subfield><subfield code="a">H&#803;usayn, Muh&#803;ammad Muh&#803;ammad.</subfield><subfield code="t">Hija&#772;&#700; wa-al-hajja&#772;&#700;u&#772;n fi&#772; al-Ja&#772;hili&#772;yah.</subfield><subfield code="d">[Cairo] : Maktabat al-A&#772;da&#772;b bi-al-Jama&#772;mi&#772;z, [1947-1948]</subfield><subfield code="w">(OCoLC)582853593</subfield></datafield><datafield ind1="0" ind2="8" tag="776"><subfield code="i">Print version:</subfield><subfield code="a">H&#803;usayn, Muh&#803;ammad Muh&#803;ammad.</subfield><subfield code="t">al-Hija&#772;&#700; wa-al-hajja&#772;&#700;u&#772;n fi&#772; al-Ja&#772;hili&#772;yah</subfield><subfield code="w">(NIC)1925008</subfield><subfield code="w">(DLC)ne 61000061 </subfield><subfield code="w">(OCoLC)36187228</subfield></datafield><datafield ind1="4" ind2="0" tag="856"><subfield code="u">http://hdl.handle.net/2333.1/dv41nv82</subfield></datafield><datafield ind1="1" ind2=" " tag="880"><subfield code="6">100-01/r</subfield><subfield code="a">&#1581;&#1587;&#1610;&#1606;&#1548; &#1605;&#1581;&#1605;&#1583; &#1605;&#1581;&#1605;&#1583;.</subfield></datafield><datafield ind1="1" ind2="2" tag="880"><subfield code="6">245-02/r</subfield><subfield code="a">&#1575;&#1604;&#1607;&#1580;&#1575;&#1569; &#1608;&#1575;&#1604;&#1607;&#1580;&#1575;&#1572;&#1606; &#1601;&#1610; &#1575;&#1604;&#1580;&#1575;&#1607;&#1604;&#1610;&#1577; /</subfield><subfield code="c">&#1578;&#1571;&#1604;&#1610;&#1601; &#1605;. &#1605;&#1581;&#1605;&#1583; &#1581;&#1587;&#1610;&#1606;.</subfield></datafield><datafield ind1=" " ind2=" " tag="880"><subfield code="6">260-03/r</subfield><subfield code="a">[Cairo] :</subfield><subfield code="b">&#1605;&#1603;&#1578;&#1576;&#1577; &#1575;&#1604;&#1570;&#1583;&#1575;&#1576; &#1576;&#1575;&#1604;&#1580;&#1605;&#1575;&#1605;&#1610;&#1586;&#1548;</subfield><subfield code="c">[1947-1948]</subfield></datafield><datafield ind1=" " ind2=" " tag="959"><subfield code="a">NNU</subfield><subfield code="b">WEB</subfield><subfield code="c">GENI</subfield><subfield code="t">0</subfield><subfield code="m">Electronic access</subfield><subfield code="s">01</subfield></datafield><datafield ind1=" " ind2=" " tag="999"><subfield code="i">NIC_1925008</subfield><subfield code="o">(OCoLC)ocm36187228 </subfield></datafield></record>